@article{unet,
  author    = {Olaf Ronneberger and
               Philipp Fischer and
               Thomas Brox},
  title     = {U-Net: Convolutional Networks for Biomedical Image Segmentation},
  journal   = {CoRR},
  volume    = {abs/1505.04597},
  year      = {2015},
  url       = {http://arxiv.org/abs/1505.04597},
  archivePrefix = {arXiv},
  eprint    = {1505.04597},
  timestamp = {Mon, 13 Aug 2018 16:46:52 +0200},
  biburl    = {https://dblp.org/rec/bib/journals/corr/RonnebergerFB15},
  bibsource = {dblp computer science bibliography, https://dblp.org}
}

@article{unet++,
  author    = {Zongwei Zhou and
               Md Mahfuzur Rahman Siddiquee and
               Nima Tajbakhsh and
               Jianming Liang},
  title     = {UNet++: {A} Nested U-Net Architecture for Medical Image Segmentation},
  journal   = {CoRR},
  volume    = {abs/1807.10165},
  year      = {2018},
  url       = {http://arxiv.org/abs/1807.10165},
  archivePrefix = {arXiv},
  eprint    = {1807.10165},
  timestamp = {Mon, 13 Aug 2018 16:46:03 +0200},
  biburl    = {https://dblp.org/rec/bib/journals/corr/abs-1807-10165},
  bibsource = {dblp computer science bibliography, https://dblp.org}
}

@misc{zhou2019unet,
    title={UNet++: Redesigning Skip Connections to Exploit Multiscale Features in Image Segmentation},
    author={Zongwei Zhou and Md Mahfuzur Rahman Siddiquee and Nima Tajbakhsh and Jianming Liang},
    year={2019},
    journal = {IEEE T-MI},
    url = {https://arxiv.org/abs/1912.05074v1},
    eprint={1912.05074},
    archivePrefix={arXiv},
    primaryClass={eess.IV}
}

@misc{lee2014deeplysupervised,
    title={Deeply-Supervised Nets},
    author={Chen-Yu Lee and Saining Xie and Patrick Gallagher and Zhengyou Zhang and Zhuowen Tu},
    year={2014},
    eprint={1409.5185},
    archivePrefix={arXiv},
    primaryClass={stat.ML}
}

@misc{keras,
  title={Keras},
  author={Chollet, Fran\c{c}ois and others},
  year={2015},
  howpublished={\url{https://keras.io}},
}

@article{cnn_seg,
  author    = {Jonathan Long and
               Evan Shelhamer and
               Trevor Darrell},
  title     = {Fully Convolutional Networks for Semantic Segmentation},
  journal   = {CoRR},
  volume    = {abs/1411.4038},
  year      = {2014},
  url       = {http://arxiv.org/abs/1411.4038},
  archivePrefix = {arXiv},
  eprint    = {1411.4038},
  timestamp = {Mon, 13 Aug 2018 16:48:17 +0200},
  biburl    = {https://dblp.org/rec/bib/journals/corr/LongSD14},
  bibsource = {dblp computer science bibliography, https://dblp.org}
}

@misc{blend,
  author = {Guillaume Chevalier},
  title = {Smoothly Blend Image Patches},
  year = {2017},
  publisher = {GitHub},
  journal = {GitHub repository},
  howpublished = {\url{https://github.com/Vooban/Smoothly-Blend-Image-Patches}},
  commit = {2f5866bce03ac5edfecd1bacfdd8a0663c659f09}
}

@misc{d4Dihedral,
  author = {Larry Riddle},
  title = {Dihedral Group Example},
  howpublished = {\url{http://larryriddle.agnesscott.org/ifs/symmetric/D4example.htm}},
  urldate = {2019-12-17}
}


@misc{dropout,
  author = {Jason Brownlee},
  title = {Dropout Regularization in Deep Learning Models With Keras},
  url = {https://machinelearningmastery.com/dropout-regularization-deep-learning-models-keras/},
  urldate = {2019-12-17},
  howpublished = {\url{https://machinelearningmastery.com/dropout-regularization-deep-learning-models-keras/}}
}

@misc{kingma2014adam,
    title={Adam: A Method for Stochastic Optimization},
    author={Diederik P. Kingma and Jimmy Ba},
    year={2014},
    eprint={1412.6980},
    archivePrefix={arXiv},
    primaryClass={cs.LG}
}